@manual{gripman,
  title="Pioneer 2 Gripper Manual",
  organization="ActivMedia Robotics",
  note="\newline http://robots.activmedia.com/docs/all\_docs/gripmanP2\_3.pdf"
}

@manual{actsman,
  title="ACTS User Manual",
  organization="ActivMedia Robotics",
  note="\newline http://robots.activmedia.com/docs/all\_docs/ACTSman.pdf"
}

